<record><leader>00000cas a2200000 a 4500</leader><controlfield tag="001">27732849</controlfield><controlfield tag="008">930315d19761978iluwr ne      0   a0eng c</controlfield><datafield ind1=" " ind2=" " tag="010"><subfield code="a">sn 93055539 </subfield></datafield><datafield ind1=" " ind2=" " tag="040"><subfield code="a">NVF</subfield><subfield code="b">eng</subfield><subfield code="c">NVF</subfield><subfield code="d">OCLCQ</subfield><subfield code="d">NVF</subfield><subfield code="d">OCLCQ</subfield><subfield code="d">OCLCF</subfield><subfield code="d">OCLCO</subfield><subfield code="d">NVF</subfield></datafield><datafield ind1=" " ind2=" " tag="042"><subfield code="a">pcc</subfield></datafield><datafield ind1=" " ind2=" " tag="043"><subfield code="a">n-us-il</subfield></datafield><datafield ind1="0" ind2=" " tag="130"><subfield code="a">Post-herald (Wyoming, Ill.)</subfield></datafield><datafield ind1="1" ind2="4" tag="245"><subfield code="a">The post-herald.</subfield></datafield><datafield ind1="3" ind2=" " tag="246"><subfield code="a">Post herald</subfield></datafield><datafield ind1=" " ind2=" " tag="260"><subfield code="a">Wyoming, Stark County, Ill. :</subfield><subfield code="b">Jim Nowlan,</subfield><subfield code="c">1976-1978.</subfield></datafield><datafield ind1=" " ind2=" " tag="300"><subfield code="a">v.</subfield></datafield><datafield ind1=" " ind2=" " tag="310"><subfield code="a">Weekly</subfield></datafield><datafield ind1="0" ind2=" " tag="362"><subfield code="a">Vol. 104, no. 39 (May 5, 1976)-</subfield></datafield><datafield ind1="1" ind2=" " tag="362"><subfield code="a">Ceased in 1978.</subfield></datafield><datafield ind1=" " ind2=" " tag="580"><subfield code="a">Other ed. available: Telephone (Princeville, Ill.), 1976-1978.</subfield></datafield><datafield ind1=" " ind2=" " tag="588"><subfield code="a">Latest issue consulted: Vol. 106, no. 43 (May 31, 1978).</subfield></datafield><datafield ind1=" " ind2="0" tag="651"><subfield code="a">Wyoming (Ill.)</subfield><subfield code="v">Newspapers.</subfield></datafield><datafield ind1=" " ind2="7" tag="651"><subfield code="a">Illinois</subfield><subfield code="z">Wyoming.</subfield><subfield code="2">fast</subfield><subfield code="0">(OCoLC)fst01276086</subfield></datafield><datafield ind1=" " ind2="7" tag="655"><subfield code="a">Newspapers.</subfield><subfield code="2">fast</subfield><subfield code="0">(OCoLC)fst01423814</subfield></datafield><datafield ind1=" " ind2=" " tag="752"><subfield code="a">United States</subfield><subfield code="b">Illinois</subfield><subfield code="c">Stark</subfield><subfield code="d">Wyoming.</subfield></datafield><datafield ind1="1" ind2=" " tag="775"><subfield code="t">Telephone (Princeville, Ill.)</subfield><subfield code="w">(DLC)sn 92054540</subfield><subfield code="w">(OCoLC)25895988</subfield></datafield><datafield ind1="0" ind2="0" tag="780"><subfield code="t">Wyoming post-herald (Wyoming, Ill. : 1885)</subfield><subfield code="w">(DLC)sn 93055538</subfield><subfield code="w">(OCoLC)27732760</subfield></datafield><datafield ind1="0" ind2="0" tag="785"><subfield code="t">Wyoming post-herald (Wyoming, Ill. : 1978)</subfield><subfield code="w">(DLC)sn 93055540</subfield><subfield code="w">(OCoLC)27732894</subfield></datafield><datafield ind1="1" ind2=" " tag="029"><subfield code="a">AU@</subfield><subfield code="b">000020739501</subfield></datafield></record>